% Encoding: UTF-8

@Book{Bundschuh2008,
  author    = {Bundschuh, Peter},
  publisher = {Springer Verlag},
  title     = {Einführung in die Zahlentheorie},
  year      = {2008},
  address   = {Berlin Heidelberg},
  edition   = {8. Auflage},
  isbn      = {9783540764915},
}

@Article{Pomerance1996,
  author  = {Pomerance, Carl B.},
  journal = {Spektrum der Wissenschaft : Verständliche Forschung},
  title   = {Primzahlen im Schnelltest},
  year    = {1996},
  pages   = {13},
  editor  = {Gerd Faltings},
  isbn    = {3827400252},
}
@Inbook{Meinel2011,
author="Meinel, Christoph
and Mundhenk, Martin",
title="Modulare Arithmetik",
bookTitle="Mathematische Grundlagen der Informatik: Mathematisches Denken und Beweisen Eine Einf{\"u}hrung",
year="2011",
publisher="Vieweg+Teubner",
address="Wiesbaden",
pages="298--328",
abstract="Arithmetik bezeichnet umgangssprachlich das Rechnen mit ganzen Zahlen mit den Grundrechenarten Addition, Subtraktion, Multiplikation und Division mit Rest. Die Addition von beliebig gro{\ss}en ganzen Zahlen ist eine allgemein bekannte arithmetische Funktion. Wir benutzen die Addition aber auch in einem anderem Kontext. Wenn man um 18 Uhr eine 14-st{\"u}ndige Reise beginnt, dann erreicht man das Ziel um 8 Uhr. Das Ergebnis der Addition 18 + 14 ist in diesem Kontext also 8. Auf den ganzen Zahlen gilt f{\"u}r die Addition dagegen 18+ 14 = 32. Bei Uhrzeiten---wir betrachten hier nur die ganzen Stunden---ist das Ergebnis jedoch immer ein Wert in der Menge {\{}0, 1, 2, . . . , 23{\}} (0 Uhr und 24 Uhr bedeuten das gleiche). Anstatt {\"u}ber 23 hinauszuz{\"a}hlen, beginnt man also wieder bei 0. Demzufolge sind 32 und 8 gleichbedeutend.",
isbn="978-3-8348-8125-0",
doi="10.1007/978-3-8348-8125-0_14",
url="https://doi.org/10.1007/978-3-8348-8125-0_14"
}

@Book{Crandall2005,
  author    = {Crandall, Richard E and Pomerance, Carl},
  publisher = {Springer},
  title     = {Prime numbers : a computational perspective},
  year      = {2005},
  address   = {New York, NY},
  edition   = {2. ed..},
  isbn      = {0387252827},
  booktitle = {Prime numbers : a computational perspective},
  keywords  = {Primzahl},
  language  = {eng},
}

@Book{Kuhl2017,
  author    = {Kuhl, Karl-Heinz},
  publisher = {Verlag Eckhard Bodner},
  title     = {Primzahlen - Altbekanntes und Neues : ein Streifzug durch die Landschaft der Primzahlen},
  year      = {2017},
  address   = {Pressath},
  isbn      = {3939247928},
  booktitle = {Primzahlen - Altbekanntes und Neues : ein Streifzug durch die Landschaft der Primzahlen},
  keywords  = {Primzahl},
  language  = {ger},
}

@Book{RempeGillen2009,
  author    = {Rempe-Gillen, Lasse and Waldecker, Rebecca},
  publisher = {Vieweg + Teubner},
  title     = {Primzahltests für Einsteiger : Zahlentheorie - Algorithmik - Kryptographie},
  year      = {2009},
  address   = {Wiesbaden},
  edition   = {1. Aufl..},
  isbn      = {383480679X},
  series    = {Studium},
  booktitle = {Primzahltests für Einsteiger : Zahlentheorie - Algorithmik - Kryptographie},
  keywords  = {Primzahltest ; Lehrbuch},
  language  = {ger},
}

@Book{Engel2017,
  author    = {Engel, Michael},
  publisher = {Anaconda},
  title     = {Die Namen der Zahlen},
  year      = {2017},
  address   = {Köln},
  isbn      = {3730605089},
  keywords  = {Zahl ; Name},
  language  = {ger},
}

@Book{Ribenboim2006,
  author    = {Ribenboim, Paulo and Keller, Wilfrid},
  publisher = {Springer},
  title     = {Die Welt der Primzahlen : Geheimnisse und Rekorde ; mit 29 Tabellen},
  year      = {2006},
  address   = {Berlin [u.a.]},
  edition   = {Aktualis. Übers. der 2. Aufl. der Orig.-Ausg..},
  isbn      = {3540342834},
  series    = {Springer-Lehrbuch},
  booktitle = {Die Welt der Primzahlen : Geheimnisse und Rekorde ; mit 29 Tabellen},
  keywords  = {Primzahl},
  language  = {ger},
}

@Book{Remmert1995,
  author    = {Remmert, Reinhold Peter Ullrich},
  publisher = {Birkhäuser},
  title     = {Elementare Zahlentheorie},
  year      = {1995},
  address   = {Basel},
  edition   = {3. Auflage},
  isbn      = {9783034865951},
  series    = {vieweg studium; Grundkurs Mathematik},
  keywords  = {Science ; Science ; Science, General ; Sciences (General)},
  language  = {ger},
}

@Electronic{TheNewYorkTimes2016,
  author       = {Kenneth Chang},
  language     = {eng},
  organization = {The New York Times},
  title        = {New Biggest Prime Number = 2 to the 74 Mil ... Uh, It's Big},
  url          = {https://www.nytimes.com/2016/01/22/science/new-biggest-prime-number-mersenne-primes.html},
  year         = {2016},
}

@Electronic{ListederMersennePrimzahlen2020,
  author       = {Walter Wegscheider},
  language     = {ger},
  organization = {Pädagogische Hochschule für Niederösterreich},
  title        = {Liste der Mersenne-Primzahlen},
  url          = {http://www.austromath.at/mersenne/mersenne-primzahlen.html},
  year         = {2020},
}

@Book{Steffen2013,
  author    = {Steffen, B. and Rüthing, O. and Isberner, M.},
  publisher = {Springer Berlin Heidelberg},
  title     = {Grundlagen der höheren Informatik: Induktives Vorgehen},
  year      = {2013},
  isbn      = {9783642401466},
  series    = {eXamen.press},
  url       = {https://books.google.at/books?id=2tooBAAAQBAJ},
}

@Book{Leutbecher2013,
  author    = {Leutbecher, A.},
  publisher = {Springer Berlin Heidelberg},
  title     = {Zahlentheorie: Eine Einf{\"u}hrung in die Algebra},
  year      = {2013},
  isbn      = {9783642614057},
  series    = {Springer-Lehrbuch},
  url       = {https://books.google.at/books?id=PG2nBgAAQBAJ},
}

@Book{Houston2012,
  author    = {Houston, Kevin},
  publisher = {Springer Spektrum},
  title     = {Wie man mathematisch denkt : eine Einführung in die mathematische Arbeitstechnik für Studienanfänger},
  year      = {2012},
  address   = {Berlin [u.a.]},
  isbn      = {3827429978},
  booktitle = {Wie man mathematisch denkt : eine Einführung in die mathematische Arbeitstechnik für Studienanfänger},
  keywords  = {Mathematik ; Methode},
  language  = {ger},
}

@Book{Adler2013,
  author    = {Adler, I.},
  publisher = {Vieweg+Teubner Verlag},
  title     = {Gruppen in der Neuen Mathematik: Eine elementare Einf{\"u}hrung in die Theorie mathematischer Gruppen an Hand einfacher Beispiele},
  year      = {2013},
  isbn      = {9783322856982},
  series    = {Logik und Grundlagen der Mathematik},
  url       = {https://books.google.at/books?id=SF2XBwAAQBAJ},
}

@Electronic{EncyclopediaofMathematics2016,
  author       = {D.M. Smirnov},
  language     = {eng},
  organization = {The European Mathematical Society},
  title        = {Distributivity. Encyclopedia of Mathematics.},
  url          = {http://encyclopediaofmath.org/index.php?title=Distributivity&oldid=37636},
  year         = {2016},
}

@Electronic{EncyclopediaofMathematics2014,
  author       = {D.M. Smirnov},
  language     = {eng},
  organization = {The European Mathematical Society},
  title        = {Commutativity. Encyclopedia of Mathematics.},
  url          = {http://encyclopediaofmath.org/index.php?title=Commutativity&oldid=34081},
  year         = {2014},
}

@Electronic{AssociativityEncyclopediaofMathematics2016,
  author       = {O.A. Ivanova; D.M. Smirnov},
  language     = {eng},
  organization = {The European Mathematical Society},
  title        = {Associativity. Encyclopedia of Mathematics.},
  url          = {http://encyclopediaofmath.org/index.php?title=Associativity&oldid=37385},
  year         = {2016},
}

@Book{Meinel2015,
  author    = {Meinel, Christoph and Mundhenk, Martin},
  publisher = {Springer Vieweg},
  title     = {Mathematische Grundlagen der Informatik : mathematisches Denken und Beweisen ; eine Einführung},
  year      = {2015},
  address   = {Wiesbaden},
  edition   = {6. Aufl..},
  isbn      = {3658098856},
  booktitle = {Mathematische Grundlagen der Informatik : mathematisches Denken und Beweisen ; eine Einführung},
  keywords  = {Mathematische Logik ; Beweis ; Mengenlehre ; Boolesche Algebra ; Graphentheorie},
  language  = {ger},
}

@Book{Gathen2013,
  author    = {von zur Gathen, J. and Gerhard, J.},
  publisher = {Cambridge University Press},
  title     = {Modern Computer Algebra},
  year      = {2013},
  isbn      = {9781107245259},
  url       = {https://books.google.at/books?id=AE5PN5QGgvUC},
}

@Electronic{Hemmerich2020,
  author       = {W.A. Hemmerich},
  organization = {MatheGuru},
  title        = {Beweis, dass es unendlich viele Primzahlen gibt},
  url          = {https://matheguru.com/allgemein/beweis-dass-es-unendlich-viele-primzahlen-gibt.html},
  year         = {2020},
}

@Book{Arndt2000,
  author    = {Arndt, Jörg and Haenel, Christoph},
  publisher = {Springer},
  title     = {Pi : Algorithmen, Computer, Arithmetik ; mit CD-ROM},
  year      = {2000},
  address   = {Berlin [u.a.]},
  edition   = {2., überarb. u. erw. Aufl..},
  isbn      = {3540662588},
  booktitle = {Pi : Algorithmen, Computer, Arithmetik ; mit CD-ROM},
  keywords  = {Pi, Zahl},
  language  = {ger},
}

@Book{Knuth1971,
  author    = {Knuth, D.E.},
  publisher = {Pearson Education},
  title     = {Art of Computer Programming, Volume 2: Seminumerical Algorithms},
  year      = {1971},
  url       = {https://books.google.at/books?id=Zu-HAwAAQBAJ},
}

@Comment{jabref-meta: databaseType:bibtex;}
